<?xml version="1.0" encoding="UTF-8"?><record xmlns="http://www.loc.gov/MARC21/slim" xmlns:cinclude="http://apache.org/cocoon/include/1.0" xmlns:zs="http://www.loc.gov/zing/srw/">
  <leader>00643cz  a2200145n  4500</leader>
  <controlfield tag="001">n 2012015556</controlfield>
  <controlfield tag="003">DLC</controlfield>
  <controlfield tag="005">20120308074846.0</controlfield>
  <controlfield tag="008">120307n| azannaabn           n ana      </controlfield>
  <datafield tag="010" ind1=" " ind2=" ">
    <subfield code="a">n 2012015556</subfield>
  </datafield>
  <datafield tag="040" ind1=" " ind2=" ">
    <subfield code="a">DLC</subfield>
    <subfield code="b">eng</subfield>
    <subfield code="c">DLC</subfield>
    <subfield code="e">rda</subfield>
  </datafield>
  <datafield tag="110" ind1="2" ind2=" ">
    <subfield code="a">Aspen Skiing Company</subfield>
  </datafield>
  <datafield tag="670" ind1=" " ind2=" ">
    <subfield code="a">Work cat.: Art in unexpected places, 2012:</subfield>
    <subfield code="b">CIP t.p. (Aspen Skiing Company)</subfield>
  </datafield>
  <datafield tag="670" ind1=" " ind2=" ">
    <subfield code="a">Copyright catalog, Mar. 7, 2012</subfield>
    <subfield code="b">(Aspen Skiing Company; Aspen Skiing Co.)</subfield>
  </datafield>
  <datafield tag="670" ind1=" " ind2=" ">
    <subfield code="a">Bloomberg Businessweek, Mar. 7, 2012</subfield>
    <subfield code="b">(Aspen Skiing Company, LLC; formerly known as Aspen Skiing Corporation [no publs. in LC database] and changed its name to Aspen Skiing Company, LLC in 1981)</subfield>
  </datafield>
</record>